@article{Plimpton1995,
	Author = {S. Plimpton},
	Date-Modified = {2007-08-07 12:32:55 -0600},
	Journal = {J. Comp. Phys.},
	Pages = 1,
	Volume = 117,
	Year = 1995}

@misc{LAMMPS,
  note = {LAMMPS molecular dynamics package WWW site: lammps.sandia.gov.}
}

       Wylie B., Baumes J., "A Unified Toolkit for Information and Scienti=
fic Visualization", IS&T/SPIE Electronic Imaging, Visual Data Analytics, Sa=
n Jose, CA, 2009
